@article{alphaGo2016,
title = {Mastering the game of Go with deep neural networks and tree search},
author  = {David Silver and Aja Huang and Christopher J. Maddison and Arthur Guez and Laurent Sifre and George van den Driessche and Julian Schrittwieser and Ioannis Antonoglou and Veda Panneershelvam and Marc Lanctot and Sander Dieleman and Dominik Grewe and John Nham and Nal Kalchbrenner and Ilya Sutskever and Timothy Lillicrap and Madeleine Leach and Koray Kavukcuoglu and Thore Graepel and Demis Hassabis},
year  = 2016,
URL = {http://www.nature.com/nature/journal/v529/n7587/full/nature16961.html},
journal = {Nature},
pages = {484--503},
volume  = {529}
}

@article{goMoveEvaluation2014,
  author    = {Chris J. Maddison and
               Aja Huang and
               Ilya Sutskever and
               David Silver},
  title     = {Move Evaluation in Go Using Deep Convolutional Neural Networks},
  journal   = {CoRR},
  volume    = {abs/1412.6564},
  year      = {2014},
  url       = {http://arxiv.org/abs/1412.6564},
  timestamp = {Thu, 01 Jan 2015 19:51:08 +0100},
  biburl    = {http://dblp.uni-trier.de/rec/bib/journals/corr/MaddisonHSS14},
  bibsource = {dblp computer science bibliography, http://dblp.org}
}

@mastersthesis{poromaa2016,
  author       = {Erik Poromaa}, 
  title        = {Crushing Candy Crush},
  school       = {Royal Institute of Technology},
  year         = 2016,
  address      = {Brinellv√§gen 8},
}

@article{lecun2015deep,
  title={Deep learning},
  author={LeCun, Yann and Bengio, Yoshua and Hinton, Geoffrey},
  journal={Nature},
  volume={521},
  number={7553},
  pages={436--444},
  year={2015},
  publisher={Nature Research}
}

@inproceedings{krizhevsky2012imagenet,
  title={Imagenet classification with deep convolutional neural networks},
  author={Krizhevsky, Alex and Sutskever, Ilya and Hinton, Geoffrey E},
  booktitle={Advances in neural information processing systems},
  pages={1097--1105},
  year={2012}
}

@article{maddison2014move,
  title={Move evaluation in go using deep convolutional neural networks},
  author={Maddison, Chris J and Huang, Aja and Sutskever, Ilya and Silver, David},
  journal={arXiv preprint arXiv:1412.6564},
  year={2014}
}


@article{bahrampour2015comparative,
  title={Comparative study of deep learning software frameworks},
  author={Bahrampour, Soheil and Ramakrishnan, Naveen and Schott, Lukas and Shah, Mohak},
  journal={arXiv preprint arXiv:1511.06435},
  year={2015}
}

@inproceedings{abadi2016tensorflow,
  title={TensorFlow: A system for large-scale machine learning},
  author={Abadi, Mart{\'\i}n and Barham, Paul and Chen, Jianmin and Chen, Zhifeng and Davis, Andy and Dean, Jeffrey and Devin, Matthieu and Ghemawat, Sanjay and Irving, Geoffrey and Isard, Michael and others},
  booktitle={Proceedings of the 12th USENIX Symposium on Operating Systems Design and Implementation (OSDI). Savannah, Georgia, USA},
  year={2016}
}

@article{DBLP:journals/corr/Walsh14,
  author    = {Toby Walsh},
  title     = {Candy Crush is NP-hard},
  journal   = {CoRR},
  volume    = {abs/1403.1911},
  year      = {2014},
  url       = {http://arxiv.org/abs/1403.1911},
  timestamp = {Tue, 01 Apr 2014 11:56:46 +0200},
  biburl    = {http://dblp.uni-trier.de/rec/bib/journals/corr/Walsh14},
  bibsource = {dblp computer science bibliography, http://dblp.org}
}

@article{bergstra2012random,
  title={Random search for hyper-parameter optimization},
  author={Bergstra, James and Bengio, Yoshua},
  journal={Journal of Machine Learning Research},
  volume={13},
  number={Feb},
  pages={281--305},
  year={2012}
}


@article{browne2012survey,
  title={A survey of monte carlo tree search methods},
  author={Browne, Cameron B and Powley, Edward and Whitehouse, Daniel and Lucas, Simon M and Cowling, Peter I and Rohlfshagen, Philipp and Tavener, Stephen and Perez, Diego and Samothrakis, Spyridon and Colton, Simon},
  journal={IEEE Transactions on Computational Intelligence and AI in games},
  volume={4},
  number={1},
  pages={1--43},
  year={2012},
  publisher={IEEE}
}


@inproceedings{szegedy2015going,
  title={Going deeper with convolutions},
  author={Szegedy, Christian and Liu, Wei and Jia, Yangqing and Sermanet, Pierre and Reed, Scott and Anguelov, Dragomir and Erhan, Dumitru and Vanhoucke, Vincent and Rabinovich, Andrew},
  booktitle={Proceedings of the IEEE Conference on Computer Vision and Pattern Recognition},
  pages={1--9},
  year={2015}
}

@article{DBLP:journals/corr/ZophL16,
  author    = {Barret Zoph and
               Quoc V. Le},
  title     = {Neural Architecture Search with Reinforcement Learning},
  journal   = {CoRR},
  volume    = {abs/1611.01578},
  year      = {2016},
  url       = {http://arxiv.org/abs/1611.01578},
  timestamp = {Thu, 01 Dec 2016 19:32:08 +0100},
  biburl    = {http://dblp.uni-trier.de/rec/bib/journals/corr/ZophL16},
  bibsource = {dblp computer science bibliography, http://dblp.org}
}

@article{torrey2009transfer,
  title={Transfer learning},
  author={Torrey, Lisa and Shavlik, Jude},
  journal={Handbook of Research on Machine Learning Applications and Trends: Algorithms, Methods, and Techniques},
  volume={1},
  pages={242},
  year={2009}
}

@inproceedings{golik2013cross,
  title={Cross-entropy vs. squared error training: a theoretical and experimental comparison.},
  author={Golik, Pavel and Doetsch, Patrick and Ney, Hermann},
  booktitle={Interspeech},
  pages={1756--1760},
  year={2013}
}

@article{kline2005revisiting,
  title={Revisiting squared-error and cross-entropy functions for training neural network classifiers},
  author={Kline, Douglas M and Berardi, Victor L},
  journal={Neural Computing \& Applications},
  volume={14},
  number={4},
  pages={310--318},
  year={2005},
  publisher={Springer}
}

@book{michaelnielsen2015,
  author    = {Michael A. Nielsen}, 
  title     = {Neural Networks and Deep Learning},
  publisher = {Determination Press},
  year      = 2015,
}

@inproceedings{dunne1997pairing,
  title={On the pairing of the softmax activation and cross-entropy penalty functions and the derivation of the softmax activation function},
  author={Dunne, Rob A and Campbell, Norm A},
  booktitle={Proc. 8th Aust. Conf. on the Neural Networks, Melbourne, 181},
  volume={185},
  year={1997}
}


@article{DBLP:journals/corr/JohnsonSLKWCTVW16,
  author    = {Melvin Johnson and
               Mike Schuster and
               Quoc V. Le and
               Maxim Krikun and
               Yonghui Wu and
               Zhifeng Chen and
               Nikhil Thorat and
               Fernanda B. Vi{\'{e}}gas and
               Martin Wattenberg and
               Greg Corrado and
               Macduff Hughes and
               Jeffrey Dean},
  title     = {Google's Multilingual Neural Machine Translation System: Enabling
               Zero-Shot Translation},
  journal   = {CoRR},
  volume    = {abs/1611.04558},
  year      = {2016},
  url       = {http://arxiv.org/abs/1611.04558},
  timestamp = {Thu, 01 Dec 2016 19:32:08 +0100},
  biburl    = {http://dblp.uni-trier.de/rec/bib/journals/corr/JohnsonSLKWCTVW16},
  bibsource = {dblp computer science bibliography, http://dblp.org}
}

@article{bostrom1998long,
  title={How long before superintelligence?},
  author={Bostrom, Nick},
  year={1998}
}

@article{nilsson1984artificial,
  title={Artificial intelligence, employment, and income},
  author={Nilsson, Nils J},
  journal={AI magazine},
  volume={5},
  number={2},
  pages={5},
  year={1984}
}

@article{DBLP:journals/corr/ClevertUH15,
  author    = {Djork{-}Arn{\'{e}} Clevert and
               Thomas Unterthiner and
               Sepp Hochreiter},
  title     = {Fast and Accurate Deep Network Learning by Exponential Linear Units
               (ELUs)},
  journal   = {CoRR},
  volume    = {abs/1511.07289},
  year      = {2015},
  url       = {http://arxiv.org/abs/1511.07289},
  timestamp = {Tue, 01 Dec 2015 19:22:34 +0100},
  biburl    = {http://dblp.uni-trier.de/rec/bib/journals/corr/ClevertUH15},
  bibsource = {dblp computer science bibliography, http://dblp.org}
}

@misc{oshripredicting,
  title={Predicting moves in chess using convolutional neural networks},
  author={Oshri, Barak and Khandwala, Nishith},
  publisher={Stanford University Course Project Reports-CS231n: Convolutional Neural Networks for Visual Recognition (Winter 2016)}
}

@inproceedings{kocsis2006bandit,
  title={Bandit based monte-carlo planning},
  author={Kocsis, Levente and Szepesv{\'a}ri, Csaba},
  booktitle={European conference on machine learning},
  pages={282--293},
  year={2006},
  organization={Springer}
}
